02RETORNO01COBRANCA       30279000258032000000DIGITAL BANKS PAGAMENTOS S/A  001BANCO DO BRASIL1806190000051                      000000051517726499  3170867                                                                                                                                                                                                                                              000001
70000000000000000302790002580323170867                         3170867000000011270004400AI 01900000000000 1702180619                              010819000000000019900103050120000000000000000000000000000000000000000000000000000000000000000000000000000000000000000000000000000000000000000000000000000000000000000000000000000000000000          0000000000000000000000000000000000000000000000001050000002
70000000000000000302790002580323170867                         3170867000000011370000300AI 01900000000000 1702180619                              210619000000000131000103018120000000000000000000000000000000000000000000000000000000000000000000000000000000000000000000000000000000000000000000000000000000000000000000000000000000000000          0000000000000000000000000000000000000000000000001000000003
70000000000000000302790002580323170867                         3170867000000011470000300AI 01900000000000 1702180619                              210619000000000521000103409120000000000000000000000000000000000000000000000000000000000000000000000000000000000000000000000000000000000000000000000000000000000000000000000000000000000000          0000000000000000000000000000000000000000000000001000000004
70000000000000000302790002580323170867                         3170867000000011570000300AI 01900000000000 1702180619                              210619000000000221000103018120000000000000000000000000000000000000000000000000000000000000000000000000000000000000000000000000000000000000000000000000000000000000000000000000000000000000          0000000000000000000000000000000000000000000000001000000005
9201001          000000620000000289029900000017          000000000000000000000000000000          000000000000000000000000000000          000000000000000000000000000000                                                  000000000000000000000000000000                                                                                                                                                   000006
