02RETORNO01COBRANCA       30279000258032000000DIGITAL BANKS PAGAMENTOS S/A  001BANCO DO BRASIL1906190000052                      000000052517726499  3170867                                                                                                                                                                                                                                              000001
70000000000000000302790002580323170867                         3170867000000011670000300AI 01900000000000 1702190619                              220619000000001021000103018120000000000000000000000000000000000000000000000000000000000000000000000000000000000000000000000000000000000000000000000000000000000000000000000000000000000000          0000000000000000000000000000000000000000000000001000000002
70000000000000000302790002580323170867                         3170867000000011770000300AI 01900000000000 1702190619                              22061900000000052100011849X120000000000000000000000000000000000000000000000000000000000000000000000000000000000000000000000000000000000000000000000000000000000000000000000000000000000000          0000000000000000000000000000000000000000000000001000000003
70000000000000000302790002580323170867                         3170867000000011370000201AI 01900000000000 1706190619                              210619000000000131000170122122106190000090000000000000000000000000000000000000000000000000000000000000000000000000001310000000000000000000000000000000000000000000000000122020000000000000          0000000000000000000000000000000000000000000000001001000004
70000000000000000302790002580323170867                         3170867000000011470000201AI 01900000000000 1706190619                              210619000000000521063300010122106190000090000000000000000000000000000000000000000000000000000000000000000000000000005210000000000000000000000000000000000000000000000000512020000000000000          0000000000000000000000000000000000000000000000001010000005
70000000000000000302790002580323170867                         3170867000000011670000301AI 01900000000000 1706190619                              220619000000001021010415980122106190000090000000000000000000000000000000000000000000000000000000000000000000000000010210000000000000000000000000000000000000000000000001012020000000000000          0000000000000000000000000000000000000000000000001010000006
70000000000000000302790002580323170867                         3170867000000011770000301AI 01900000000000 1706190619                              220619000000000521063300010122106190000090000000000000000000000000000000000000000000000000000000000000000000000000005210000000000000000000000000000000000000000000000000512020000000000000          0000000000000000000000000000000000000000000000001010000007
9201001          000000600000000288377900000018          000000000000000000000000000000          000000000000000000000000000000          000000000000000000000000000000                                                  000000000000000000000000000000                                                                                                                                                   000008
